<record><leader>00000cas a2200000 a 4500</leader><controlfield tag="001">11087856</controlfield><controlfield tag="008">840824c19139999iludn ne      0   a0eng c</controlfield><datafield ind1=" " ind2=" " tag="010"><subfield code="a">sn 84024475 </subfield></datafield><datafield ind1=" " ind2=" " tag="040"><subfield code="a">NPV</subfield><subfield code="b">eng</subfield><subfield code="c">NPV</subfield><subfield code="d">NVF</subfield><subfield code="d">CVF</subfield><subfield code="d">NVF</subfield><subfield code="d">DLC</subfield><subfield code="d">OCLCQ</subfield><subfield code="d">OCLCF</subfield><subfield code="d">NVF</subfield><subfield code="d">OCLCO</subfield></datafield><datafield ind1="1" ind2=" " tag="029"><subfield code="a">AU@</subfield><subfield code="b">000020341772</subfield></datafield><datafield ind1=" " ind2=" " tag="042"><subfield code="a">pcc</subfield></datafield><datafield ind1=" " ind2=" " tag="043"><subfield code="a">n-us-il</subfield></datafield><datafield ind1="0" ind2="0" tag="245"><subfield code="a">Freeport journal-standard.</subfield></datafield><datafield ind1="1" ind2="7" tag="246"><subfield code="a">Freeport daily journal-standard</subfield></datafield><datafield ind1="3" ind2="0" tag="246"><subfield code="a">Journal-standard</subfield></datafield><datafield ind1="3" ind2=" " tag="246"><subfield code="a">Freeport journal standard</subfield></datafield><datafield ind1="3" ind2=" " tag="246"><subfield code="a">Freeport daily journal standard</subfield></datafield><datafield ind1="3" ind2=" " tag="246"><subfield code="a">Journal standard</subfield></datafield><datafield ind1=" " ind2=" " tag="260"><subfield code="a">Freeport, Ill. :</subfield><subfield code="b">Freeport Standard Pub. Co.,</subfield><subfield code="c">1913-</subfield></datafield><datafield ind1=" " ind2=" " tag="300"><subfield code="a">v.</subfield></datafield><datafield ind1=" " ind2=" " tag="310"><subfield code="a">Daily (except Sunday)</subfield></datafield><datafield ind1="0" ind2=" " tag="362"><subfield code="a">Oct. 20, 1913-</subfield></datafield><datafield ind1=" " ind2=" " tag="580"><subfield code="a">Formed by the union of: Daily journal (Freeport, Ill. : 1885) and: Freeport daily standard.</subfield></datafield><datafield ind1=" " ind2=" " tag="588"><subfield code="a">Latest issue consulted: (Dec. 26, 2004).</subfield></datafield><datafield ind1=" " ind2="0" tag="651"><subfield code="a">Freeport (Ill.)</subfield><subfield code="v">Newspapers.</subfield></datafield><datafield ind1=" " ind2="7" tag="651"><subfield code="a">Illinois</subfield><subfield code="z">Freeport.</subfield><subfield code="2">fast</subfield><subfield code="0">(OCoLC)fst01217738</subfield></datafield><datafield ind1=" " ind2="7" tag="655"><subfield code="a">Newspapers.</subfield><subfield code="2">fast</subfield><subfield code="0">(OCoLC)fst01423814</subfield></datafield><datafield ind1=" " ind2=" " tag="752"><subfield code="a">United States</subfield><subfield code="b">Illinois</subfield><subfield code="c">Stephenson</subfield><subfield code="d">Freeport.</subfield></datafield><datafield ind1="1" ind2="4" tag="780"><subfield code="t">Daily journal (Freeport, Ill. : 1885)</subfield><subfield code="w">(DLC)sn 84024079</subfield><subfield code="w">(OCoLC)10478745</subfield></datafield><datafield ind1="1" ind2="4" tag="780"><subfield code="t">Freeport daily standard</subfield><subfield code="w">(DLC)sn 93056082</subfield><subfield code="w">(OCoLC)28922363</subfield></datafield><datafield ind1="0" ind2="5" tag="780"><subfield code="t">Freeport daily bulletin (Freeport, Ill. : 1884)</subfield><subfield code="w">(DLC)sn 93056075</subfield><subfield code="w">(OCoLC)28920172</subfield></datafield></record>